<record xmlns='http://www.loc.gov/MARC21/slim'><leader>01530cim a22003852u 4500</leader><controlfield tag='001'>3600944</controlfield><controlfield tag='005'>20151214182739.0</controlfield><controlfield tag='007'>ss|lmnjluz|nuu</controlfield><controlfield tag='008'>991101s1985    nyunnn         l    eng d</controlfield><datafield ind1=' ' ind2=' ' tag='035'><subfield code='a'>(NIC)notisASF8009</subfield></datafield><datafield ind1=' ' ind2=' ' tag='035'><subfield code='a'>3600944</subfield></datafield><datafield ind1=' ' ind2=' ' tag='035'><subfield code='a'>(OCoLC)63896835</subfield></datafield><datafield ind1=' ' ind2=' ' tag='040'><subfield code='a'>NIC</subfield><subfield code='c'>NIC</subfield><subfield code='d'>NIC       </subfield><subfield code='d'>NIC</subfield></datafield><datafield ind1='1' ind2=' ' tag='100'><subfield code='a'>Culler, Jonathan D.</subfield></datafield><datafield ind1='1' ind2='0' tag='245'><subfield code='a'>Communicative competence and normative force</subfield><subfield code='h'>[sound recording]</subfield></datafield><datafield ind1=' ' ind2=' ' tag='260'><subfield code='c'>1985.</subfield></datafield><datafield ind1=' ' ind2=' ' tag='300'><subfield code='a'>1 sound cassette (75 min.) :</subfield><subfield code='b'>analog, mono.</subfield></datafield><datafield ind1=' ' ind2=' ' tag='500'><subfield code='a'>Recorded in Ithaca, NY by Cornell University.</subfield></datafield><datafield ind1=' ' ind2=' ' tag='500'><subfield code='a'>Sponsored by: German Literature, Department of,Women&apos;s Studies Program.</subfield></datafield><datafield ind1=' ' ind2=' ' tag='518'><subfield code='a'>Lecture, March 16, 1985.</subfield></datafield><datafield ind1=' ' ind2=' ' tag='520'><subfield code='a'>Culler discusses Habermas&apos; notion of communication and literary principles and his study of language in its relation to action. Mohanty serves as discussant.</subfield></datafield><datafield ind1='1' ind2='0' tag='600'><subfield code='a'>Habermas, Jürgen.</subfield></datafield><datafield ind1=' ' ind2='0' tag='650'><subfield code='a'>German literature</subfield><subfield code='y'>20th century.</subfield></datafield><datafield ind1=' ' ind2='0' tag='650'><subfield code='a'>Frankfurt school of sociology.</subfield></datafield><datafield ind1=' ' ind2='0' tag='650'><subfield code='a'>Language and languages.</subfield></datafield><datafield ind1='1' ind2='7' tag='600'><subfield code='a'>Habermas, Jürgen</subfield><subfield code='2'>fast</subfield><subfield code='0'>(OCoLC)fst00028860</subfield></datafield><datafield ind1=' ' ind2='7' tag='648'><subfield code='a'>1900 - 1999</subfield><subfield code='2'>fast</subfield></datafield><datafield ind1=' ' ind2='7' tag='650'><subfield code='a'>Frankfurt school of sociology</subfield><subfield code='2'>fast</subfield><subfield code='0'>(OCoLC)fst00933734</subfield></datafield><datafield ind1=' ' ind2='7' tag='650'><subfield code='a'>German literature</subfield><subfield code='2'>fast</subfield><subfield code='0'>(OCoLC)fst00941797</subfield></datafield><datafield ind1=' ' ind2='7' tag='650'><subfield code='a'>Language and languages</subfield><subfield code='2'>fast</subfield><subfield code='0'>(OCoLC)fst00992154</subfield></datafield><datafield ind1='1' ind2=' ' tag='700'><subfield code='a'>Mohanty, Satya P.</subfield><subfield code='q'>(Satya Prakash),</subfield><subfield code='d'>1954-</subfield></datafield><datafield ind1=' ' ind2='0' tag='830'><subfield code='a'>Rationality and modern society.</subfield></datafield><datafield ind1='1' ind2=' ' tag='899'><subfield code='a'>CULectures</subfield></datafield><datafield ind1=' ' ind2=' ' tag='905'><subfield code='a'>20000315120000.0</subfield></datafield><datafield ind1='2' ind2=' ' tag='948'><subfield code='a'>20141221</subfield><subfield code='b'>m</subfield><subfield code='d'>batch</subfield><subfield code='e'>lts</subfield><subfield code='x'>addfast</subfield></datafield></record>